@article{nist2002,
	title={The economic impacts of inadequate infrastructure for software testing -- Summary},
	author={{Strategic Planning and Economics Analysis Group, prepared by RTI}},
	journal={National Institute of Standards and Technology},
	volume={Planning Report 02-3},
	pages={1-3},
	month={June},
	year={2002}
}

@inproceedings{saha2017,
  title={Selective bisection debugging},
  author={Saha, Ripon and Gligoric, Milos},
  booktitle={International Conference on Fundamental Approaches to Software Engineering},
  pages={60--77},
  year={2017},
  organization={Springer}
}

@inproceedings{ness1997,
  title={Regression containment through source change isolation},
  author={Ness, Brian and Ngo, Viet},
  booktitle={Proceedings Twenty-First Annual International Computer Software and Applications Conference (COMPSAC'97)},
  pages={616--621},
  year={1997},
  organization={IEEE}
}

@misc{git-commit-8b3a1e056f21,
	author = {Linus Torvolds},
	title = {git-rev-list: add ``-{}-bisect'' flag to find the ``halfway'' point},
	howpublished = "\url{https://github.com/git/git/commit/8b3a1e056f2107de}",
	month={18 June},
	year = {2005},
	note = "[Online; accessed 30-August-2021]"
}

@misc{git-commit-8cc6a0831988,
	author = {Linus Torvolds},
	title = {Making it easier to find which change introduced a bug},
	howpublished = "\url{https://github.com/git/git/commit/8cc6a083198877fc}",
	month={31 July},
	year = {2005},
	note = "[Online; accessed 30-August-2021]"
}

@inproceedings{ziftci2017,
  title={Who broke the build? Automatically identifying changes that induce test failures in continuous integration at Google Scale},
  author={Ziftci, Celal and Reardon, Jim},
  booktitle={2017 IEEE/ACM 39th International Conference on Software Engineering: Software Engineering in Practice Track (ICSE-SEIP)},
  pages={113--122},
  year={2017},
  organization={IEEE}
}

@misc{ziftci2013,
	author = {Ziftci, Celal and Ramavajjala, Vivek},
	title = {{GTAC} 2013: Finding Culprits Automatically in Failing Builds - i.e. Who Broke the Build?},
	howpublished = "\url{https://www.youtube.com/watch?v=SZLuBYlq3OM}",
	month={29 April},
	year = {2013},
	note = "[Online; accessed 30-August-2021]"
}

@article{kamei2013,
  title={A large-scale empirical study of just-in-time quality assurance},
  author={Kamei, Yasutaka and Shihab, Emad and Adams, Bram and Hassan, Ahmed E and Mockus, Audris and Sinha, Anand and Ubayashi, Naoyasu},
  journal={IEEE Transactions on Software Engineering},
  volume={39},
  number={6},
  pages={757--773},
  year={2013},
  publisher={IEEE}
}

@inproceedings{moser2008,
  title={A comparative analysis of the efficiency of change metrics and static code attributes for defect prediction},
  author={Moser, Raimund and Pedrycz, Witold and Succi, Giancarlo},
  booktitle={Proceedings of the 30th international conference on Software engineering},
  pages={181--190},
  year={2008}
}

@inproceedings{eyolfson2011,
  title={Do time of day and developer experience affect commit bugginess?},
  author={Eyolfson, Jon and Tan, Lin and Lam, Patrick},
  booktitle={Proceedings of the 8th Working Conference on Mining Software Repositories},
  pages={153--162},
  year={2011}
}

@inproceedings{dambros2010,
  title={An extensive comparison of bug prediction approaches},
  author={D'Ambros, Marco and Lanza, Michele and Robbes, Romain},
  booktitle={2010 7th IEEE Working Conference on Mining Software Repositories (MSR 2010)},
  pages={31--41},
  year={2010},
  organization={IEEE}
}

@article{kalliamvakou2016,
  title={An in-depth study of the promises and perils of mining GitHub},
  author={Kalliamvakou, Eirini and Gousios, Georgios and Blincoe, Kelly and Singer, Leif and German, Daniel M and Damian, Daniela},
  journal={Empirical Software Engineering},
  volume={21},
  number={5},
  pages={2035--2071},
  year={2016},
  publisher={Springer}
}

@inproceedings{shimagaki2016,
  title={Why are commits being reverted?: a comparative study of industrial and open source projects},
  author={Shimagaki, Junji and Kamei, Yasutaka and McIntosh, Shane and Pursehouse, David and Ubayashi, Naoyasu},
  booktitle={2016 IEEE International Conference on Software Maintenance and Evolution (ICSME)},
  pages={301--311},
  year={2016},
  organization={IEEE}
}

@article{yan2019,
  title={Characterizing and identifying reverted commits},
  author={Yan, Meng and Xia, Xin and Lo, David and Hassan, Ahmed E and Li, Shanping},
  journal={Empirical Software Engineering},
  volume={24},
  number={4},
  pages={2171--2208},
  year={2019},
  publisher={Springer}
}

@article{sliwerski2005,
  title={When do changes induce fixes?},
  author={{\'S}liwerski, Jacek and Zimmermann, Thomas and Zeller, Andreas},
  journal={ACM sigsoft software engineering notes},
  volume={30},
  number={4},
  pages={1--5},
  year={2005},
  publisher={ACM New York, NY, USA}
}

@inproceedings{nanz2015,
  author={Nanz, Sebastian and Furia, Carlo A.},
  booktitle={2015 IEEE/ACM 37th IEEE International Conference on Software Engineering},
  title={A Comparative Study of Programming Languages in Rosetta Code},
  year={2015},
  volume={1},
  number={},
  pages={778--788},
  doi={10.1109/ICSE.2015.90}
}

@book{goucher2009,
  title={Beautiful Testing: Leading Professionals Reveal How They Improve Software},
  author={Goucher, Adam and Riley, Tim},
  year={2009},
  publisher={"O'Reilly Media, Inc."}
}

@book{knuth2014,
  title={Art of computer programming, volume 2: Seminumerical algorithms},
  author={Knuth, Donald E},
  year={2014},
  publisher={Addison-Wesley Professional}
}

@book{james2013,
  title={An introduction to statistical learning},
  author={James, Gareth and Witten, Daniela and Hastie, Trevor and Tibshirani, Robert},
  volume={112},
  year={2013},
  publisher={Springer}
}


